@article{Alc09,
	author={R. Alcal{\'a} and J. Alcal{\'a}-Fdez and M.J. Gacto and F. Herrera},
	title={Improving fuzzy logic controllers obtained by experts: a case study in HVAC systems},
	journal={Applied Intelligence},
	year={2009},
	volume={31},
	number={1},
	pages={15--30}
}

@InProceedings{Baturone2007,
  author =   {I. Baturone and F.J. Moreno-Velo and S. S\'anchez-Solano and A. Barriga and P. Brox and A. Gersnoviez and M. Brox},
  title =    {Using Xfuzzy environment for the whole design of fuzzy systems},
  booktitle =    {IEEE International Conference on Fuzzy Systems},
  pages =    {1--6},
  year =     {2007},
  note = {\url{http://www2.imse-cnm.csic.es/Xfuzzy/Xfuzzy_3.0/index.html}},
  address =  {London (UK)}
}

@InProceedings{Alonso2011,
  author =   {J.M. Alonso and L. Magdalena},
  title =    {Generating understandable and accurate fuzzy rule-based systems in a java environment},
  booktitle =    {9th International Workshop on Fuzzy Logic and Applications (WILF)},
  pages =    {212--219},
  year =     {2011},
  number =   {6857},
  series =   {Lecture Notes in Artificial Intelligence},
  address =  {Trani (Italy)},
  note = {\url{http://sourceforge.net/p/guajefuzzy/wiki/Home/}},
  publisher =    {Springer-Verlag}
}


@online{OctaveFLT2011,
    title =  {Fuzzy logic toolkit for Octave},
    howpublished = {\url{http://pdb.finkproject.org/pdb/package.php/fuzzy-logic-toolkit-oct324}},
    year =  {2011}   
}
@INPROCEEDINGS{Nauck1995,
    author = {Detlef Nauck and Rudolf Kruse},
    title = {NEFCLASS - A Neuro-Fuzzy Approach For The Classification Of Data},
    booktitle = {ACM Symposium on Applied Computing},
    year = {1995},
    pages = {461--465},
    address =  {Tennessee (USA)},
    publisher = {ACM Press},
    note = {\url{http://fuzzy.cs.uni-magdeburg.de/nefclass/}}
}
@online{nxtfuzzylogic2010,
    title =  {nxtfuzzylogic},
    howpublished = {\url{http://code.google.com/p/nxtfuzzylogic/}},
    year =  {2010}   
}
@online{libFuzzyEngine2010,
    title =  {libFuzzyEngine},
    howpublished = {\url{http://libfuzzyengine.git.sourceforge.net/git/gitweb-index.cgi}},
    year =  {2010}   
}
@online{libai2010,
    title =  {libai},
    howpublished = {\url{http://libai.sourceforge.net/}},
    year =  {2010}   
}
@online{jFuzzyQt2011,
    title =  {jFuzzyQt - C++ Fuzzy Logic Library},
    howpublished = {\url{http://jfuzzyqt.sourceforge.net/}},
    year =  {2011}   
}
@online{JFuzzinator2010,
    title =  {JFuzzinator},
    howpublished = {\url{http://jfuzzinator.sourceforge.net/}},
    year =  {2010}   
}
@online{JFCM2011,
    title =  {Java Fuzzy Cognitive Maps},
    howpublished = {\url{http://jfcm.megadix.it/}},
    year =  {2011}   
}
@online{javafuzzylogicctrltool2008,
    title =  {javafuzzylogicctrltool},
    howpublished = {\url{http://code.google.com/p/javafuzzylogicctrltool/}},
    year =  {2008}   
}
@online{FuzzyPLC2011,
    title =  {FuzzyPLC},
    howpublished = {\url{http://fuzzyplc.sourceforge.net/}},
    year =  {2011}   
}
@online{FuzzyBlackBox2011,
    title =  {FuzzyBlackBox},
    howpublished = {\url{http://fuzzyblackbox.sourceforge.net/}},
    year =  {2011}   
}
@online{Funzy2007,
    title =  {Funzy},
    howpublished = {\url{http://code.google.com/p/funzy/}},
    year =  {2007}   
}
@online{FRBS2011,
    title =  {Fuzzy Rule-Based Systems},
    howpublished = {\url{http://frbs.sourceforge.net/}},
    year =  {2011}   
}
@online{flute2004,
    title =  {FLUtE: Fuzzy Logic Ultimate Engine},
    howpublished = {\url{http://flute.sourceforge.net/}},
    year =  {2004}   
}
@online{awifuzz2006,
    title =  {AwiFuzz - Fuzzy Logic Control System},
    howpublished = {\url{http://awifuzz.sourceforge.net/}},
    year =  {2006}   
}
@online{DotFuzzy2009,
    title =  {DotFuzzy},
    howpublished = {\url{http://www.havana7.com/dotfuzzy/}},
    year =  {2009}   
}
@online{togai2004,
    author =  {Togai InfraLogic},
    title =  {FuzzyCLIPS},
    howpublished = {\url{http://www.ortech-engr.com/fuzzy/fzyclips.html}},
    year =  {2004}   
}


@BOOK{Barragan2011,
    author =  {A. Barrag\'an and J.M. And\'ujar},
    title =  {Fuzzy Logic Tools. Reference Manual v1.0},
    publisher =  {Universidad de Huelva publicaciones},
    note = {\url{http://uhu.es/antonio.barragan/category/temas/fuzzy-logic-tools}},
    year =  {2011}   
}

@InProceedings{Orchard2001,
  author =   {R.A. Orchard},
  title =    {Fuzzy reasoning in Jess: The FuzzyJ Toolkit and FuzzyJess},
  booktitle = {3rd International Conference on Enterprise Information Systems (ICEIS)},
  pages =    {533--542},
  volume = {2},
  year =     2001,
    note = {\url{http://ai.iit.nrc.ca/IR_public/fuzzy/fuzzyJDocs/index.html}},
  address =  {Setubal (Portugal)}
}

@InProceedings{Hartwig1996,
  author =   {Ronald Hartwig and Carsten Labinsky and Sven Nordhoff and Bernd Landorff and Peter Jensch and Joerg Schwanke},
  title =    {Free Fuzzy Logic System Design Tool: FOOL},
  booktitle = {4th European congress on intelligent techniques and soft computing (EUFIT)},
  pages =    {2274--2277},
  volume = {3},
  year =     1996,
  note = {\url{http://rhaug.de/fool/}},
  address =  {Aachen (Germany)}
}

@INCOLLECTION{Zarozinski2002,
	author = "M. Zarozinski",
	title = "An open source fuzzy logic library",
	booktitle = "AI Game Programming Wisdom",
	pages = "90--103",
	year = {2002},
	note = {\url{http://ffll.sourceforge.net/}},
	publisher = "Charles River Media"
}

@article{Guillaume2011,
author = "Serge Guillaume and Brigitte Charnomordic",
title = "Learning interpretable Fuzzy Inference Systems with FisPro",
journal = "International Journal of Information Sciences",
volume="181",
number = "20",
pages="4409-4427",
note = {\url{http://www.inra.fr/mia/M/fispro/}},
year = "2011"
} 


@incollection{Pezzulo2005,
year={2005},
booktitle={Multi-Agent and Multi-Agent-Based Simulation},
volume={3415},
series={Lecture Notes in Computer Science},
editor={P. Davidsson and B. Logan and K. Takadama},
title={Designing and Implementing MABS in AKIRA},
publisher={Springer Berlin Heidelberg},
author={G. Pezzulo and G. Calvi},
note = {\url{http://www.akira-project.org/}},
pages={49--64}
}

 


@article{CHP97,
Author = {O. Cord\'on and F. Herrera and A. Peregr\'in},
Title = {Applicability of the fuzzy operators in the design of fuzzy logic controllers},
Journal = {Fuzzy Sets and Systems},
Year = {1997},
Volume = {86},
Pages = {15--41}
}


@BOOK{Wan94,
    author =  {L.X. Wang},
    title =  {Adaptive Fuzzy Systems and Control. Design and Stability Analysis},
    publisher =  {Prentice-Hall},
    year =  {1994}   
}


@article{Otero2008,
Author = {J. Otero and L. S\'anchez and J. Alcal\'a-Fdez},
Title = {Fuzzy-genetic optimization of the parameters of a low cost system for the optical measurement of several dimensions of vehicles},
Journal = {Soft Computing},
Year = {2008},
Volume = {12},
Number = {8},
Pages = {751--764}
}


@ARTICLE{Mamdani1974,
  author =   {E.H. Mamdani},
  title =    {Applications of fuzzy algorithms for control a simple dynamic plant},
  journal = {Proceedings of the Institution of Electrical Engineers},
  pages =    {1585--1588},
  year =     {1974},
  volume =   {121},
  number =   {12}
}


@ARTICLE{MA1975,
  author =       {E.H. Mamdani and S. Assilian},
  title =        {An experiment in linguistic synthesis with a fuzzy logic controller},
  journal =      {International Journal of Man-Machine Studies},
  year =         {1975},
  volume =       {7},
  pages =        {1--13}
}


@ARTICLE{Zadeh1965,
  author =       {L.A. Zadeh},
  title =        {Fuzzy sets},
  journal =      {Information and Control},
  year =         {1965},
  volume =       {8},
  pages =        {338--353}
}

@ARTICLE{Casillas02,
  author =       {J. Casillas and O. Cord\'on and F. Herrera},
  title =        {{COR}: a methodology to improve ad hoc data-driven linguistic rule learning methods by inducing cooperation among rules},
  journal =      {IEEE Transactions on Systems, Man, and Cybernetics---Part B: Cybernetics},
  year =         {2002},
  volume =       {32},
  number =       {4},
  pages =        {526--537}
}

@article{Mucientes2010,
Author = {M. Mucientes and J. Alcal\'a-Fdez and R. Alcal\'a and J. Casillas},
Title = {A case study for learning behaviors in mobile robotics by evolutionary fuzzy systems},
Journal = {Expert Systems with Applications},
Year = {2010},
Volume = {37},
Number = {2},
Pages = {1471-1493}
}

@article{Reisig1991,
 author = {W. Reisig},
 title = {Petri nets and algebraic specifications},
 journal = {Theoretical Computer Science},
 volume = {80},
 number = {1},
 year = {1991},
 pages = {1--34}
} 

@ARTICLE{AL05,
        author={G. Acampora and V. Loia},
	journal={IEEE Transactions on Industrial Informatics},
	title={Fuzzy control interoperability and scalability for adaptive domotic framework},
	year={2005},
	volume={1},
	number={2},
	pages={97 - 111}
}

@article{Alc06,
	author={R. Alcal{\'a} and J. Alcal{\'a}-Fdez and J. Casillas and O. Cord{\'o}n and F. Herrera},
	title={Hybrid learning models to get the interpretability-accuracy trade-off in Fuzzy Modelling},
	journal={Soft Computing},
	year={2006},
	volume={10},
	number={9},
	pages={717-734}
}

@article{Alc12,
	author={M.J. Gacto and R. Alcal{\'a} and F. Herrera},
	title={A Multi-Objective Evolutionary Algorithm for an Effective Tuning of Fuzzy Logic Controllers in Heating, Ventilating and Air Conditioning Systems},
	journal={Applied Intelligence},
	year={2012},
	volume={36},
	number={2},
	pages={330-347}
}

@article{COCS05,
	author={J.A. Cabrera and A. Ortiz and J.J. Castillo and A. Simon A},
	title={A fuzzy logic control for antilock braking system integrated in the IMMa tire test bench},
	journal={IEEE Transactions on Vehicular Technology},
	year={2005},
	volume={54},
	number={6},
	pages={1937-1949}
}

@article{COCS05,
	author={J.A. Cabrera and A. Ortiz and J.J. Castillo and A. Simon A},
	title={A fuzzy logic control for antilock braking system integrated in the IMMa tire test bench},
	journal={IEEE Transactions on Vehicular Technology},
	year={2005},
	volume={54},
	number={6},
	pages={1937-1949}
}

@ARTICLE{Demir12,
        author={O. Demir and I. Keskin and S. Cetin},
	title={Modeling and control of a nonlinear half-vehicle suspension system: A hybrid fuzzy logic approach},
	journal={Nonlinear Dynamics},
	year={2012},
	volume={67},
	number={3},
	pages={2139-2151}
}


@article{Cha12,
	author={F. Ch{\'a}vez and F. Fern{\'a}ndez and R. Alcal{\'a} and J. Alcal{\'a}-Fdez and G. Olague and F. Herrera},
	title={Hybrid Laser Pointer Detection Algorithm Based on Template Matching and Fuzzy Rule-Based Systems for Domotic Control in Real Home Enviroments},
	journal={Applied Intelligence},
	year={2012},
	volume={36},
	number={2},
	pages={407--423}
}

@article{Cho11,
	author={E. Cho and M. Ha and S. Chang and Y. Hwang},
	title={Variable fuzzy control for heat pump operation},
	journal={Journal of Mechanical Science and Technology},
	year={2011},
	volume={25},
	number={1},
	pages={201--208}
}

@article{ZG2012,
	author={Y. Zhao and H. Gao},
	journal={IEEE Transactions on Fuzzy Systems},
	title={Fuzzy-Model-Based Control of an Overhead Crane With Input Delay and Actuator Saturation},
	year={2012},
	volume={20},
	number={1},
	pages={181 -186}
}


@article{Lee90,
	author = {C.C. Lee},
	title = {Fuzzy logic in control systems: Fuzzy logic controller Parts I and II},
	journal = {IEEE Transactions on Systems, Man, and Cybernetics},
	volume = {20},
	pages = {404-435},
	year = {1990} 
}


@article{MAA10,
	author = {M. Mucientes and J. Alcal\'a-Fdez and R. Alcal\'a and J. Casillas},
	title = {A case study for learning behaviors in mobile robotics by evolutionary fuzzy systems},
	journal = {Expert Systems With Applications},
	volume = {37},
	number = 2,
	pages = {1471-1493},
	year = {2010} 
}

@ARTICLE{JCh2011,
        author={Ch.-F. Juang and Y.-Ch. Chang},
	journal={IEEE Transactions on Fuzzy Systems},
	title={Evolutionary-Group-Based Particle-Swarm-Optimized Fuzzy Controller With Application to Mobile-Robot Navigation in Unknown Environments},
	year={2011},
	volume={19},
	number={2},
	pages={379-392}
}

@ARTICLE{EH2010,
        author={B.E. Eskridge and D.F. Hougen},
	journal={Robotics And Autonomous Systems},
	title={Extending adaptive fuzzy behavior hierarchies to multiple levels of composite behaviors},
	year={2010},
	volume={58},
	number={9},
	pages={1076--1084}
}

	

@article{Sonnenburg07,
	author = "S. Sonnenburg and M.L. Braun and Ch.S. Ong and S. Bengio and L. Bottou and G. Holmes and Y. LeCun and K.-R. Muller and F. Pereira and C.E. Rasmussen and G. Ratsch and B. Scholkopf and A. Smola and P. Vincent and J. Weston and R. Williamson",
	title = "The Need for Open Source Software in Machine Learning",
	journal = "Journal of Machine Learning Research",
	volume = 8,
	year = 2007,
	issn = "1533-7928",
	pages = "2443--2466",
	publisher = "MIT Press",
	address = "Cambridge, MA, USA"
}

@article{Zadeh65,
	author = {{L.A.} Zadeh},
	title = {Fuzzy Sets},
	journal = {Information Control},
	volume = {8},
	pages = {338--353},
	year = {1965} 
}

@BOOK{YF94,
    author =  {RR Yager and DP Filev},
    title =  {Essentials of fuzzy modeling and control},
    publisher =  {Wiley, New York},
    year =  {1994}   
}

@BOOK{PDH97,
    author =  {R Palm and D Driankov and H Hellendoorn},
    title =  {Model based fuzzy control},
    publisher =  {Springer, Berlin},
    year =  {1997}   
}

@BOOK{DHR93,
    author =  {D. Driankov, H. Hellendoorn and M. Reinfrank},
    title =  {An Introduction to Fuzzy Control},
    publisher =  {Springer-Verlag},
    year =  {1993}   
}

@BOOK{IEC,
    title     =  {International Electrotechnical Commission technical committee industrial process measurement and control. IEC 61131 - Programmable Controllers},
    publisher =  {IEC},
    year      =  {2000}   
}

@book{parr2007definitive,
  title={The definitive ANTLR reference: building domain-specific languages},
  author={Parr, T.},
  year={2007}
}


@INCOLLECTION{Bon94,
	author = "P.P. Bonissone",
	title = "Fuzzy logic controllers: An industrial reality",
	booktitle = "Computational Intelligence: Imitating Life",
	pages = "316-327",
	year = {1994},
	publisher = "IEEE Press"
}

@INCOLLECTION{Kamen1999,
	author = "E.W. Kamen",
	title = "Ladder Logic Diagrams and PLC Implementations",
	booktitle = "Industrial Controls and Manufacturing",
	pages = "141-164",
	year = {1999},
	publisher = "Academic Press"
}

@article{behrens2008xtext,
  title={Xtext User Guide},
  author={Behrens, H. and Clay, M. and Efftinge, S. and Eysholdt, M. and Friese, P.},
  journal={Dostupn{\'e} z WWW: http://www. eclipse. org/Xtext/documentation/1\_0\_1/xtext. html},
  year={2008}
}

@article{cloc,
  title={CLOC - Count Lines of Code},
  author={Al Danial},
  journal={WWW: http://cloc.sourceforge.net},
  year={2006-2011}
}

@article{mucientes2009learning,
  title={Learning weighted linguistic rules to control an autonomous robot},
  author={Mucientes, M. and Alcal{\'a}, R. and Alcal{\'a}-Fdez, J. and Casillas, J.},
  journal={International Journal of Intelligent Systems},
  volume={24},
  number={3},
  pages={226--251},
  year={2009},
  publisher={Wiley Online Library}
}

@InProceedings{Alcala02_iberamia,
  author =   {R. Alcal\'a and J. Casillas and O. Cord\'on and F. Herrera},
  title =    {Improving Simple Linguistic Fuzzy Models by Means of the Weighted {COR} Methodology},
  booktitle =    {8th Ibero-American Conference on Artificial Intelligence (IBERAMIA 2002), Advances in Artificial Intelligence - IBERAMIA 2002},
  pages =    {294-302},
  year =     2002,
  number =   2527,
  series =   {Lecture Notes in Artificial Intelligence},
  address =  {Sevilla (Spain)},
  publisher =    {Springer-Verlag}
}

@article{hart2001pattern,
  title={Pattern classification},
  author={Hart, Peter E and Stork, David G},
  journal={John Willey \& Sons},
  year={2001}
}
