@ARTICLE{Casillas02,
  author =       {J. Casillas and O. Cord\'on and F. Herrera},
  title =        {{COR}: a methodology to improve ad hoc data-driven linguistic rule learning methods by inducing cooperation among rules},
  journal =      {IEEE Transactions on Systems, Man, and Cybernetics---Part B: Cybernetics},
  year =         {2002},
  volume =       {32},
  number =       {4},
  pages =        {526--537},
}

@article{Mucientes2010,
Author = {M. Mucientes and J. Alcala-Fdez and R. Alcala and J. Casillas},
Title = {A case study for learning behaviors in mobile robotics by evolutionary fuzzy systems},
Journal = {Expert Systems with Applications},
Year = {2010},
Volume = {37},
Number = {2},
Pages = {1471-1493}
}

@article{Reisig1991,
 author = {W. Reisig},
 title = {Petri nets and algebraic specifications},
 journal = {Theoretical Computer Science},
 volume = {80},
 number = {1},
 year = {1991},
 pages = {1--34}
} 

@ARTICLE{AL05,
        author={G. Acampora and V. Loia},
	journal={IEEE Transactions on Industrial Informatics},
	title={Fuzzy control interoperability and scalability for adaptive domotic framework},
	year={2005},
	volume={1},
	number={2},
	pages={97 - 111}
}

@article{Alc06,
	author={R. Alcal{\'a} and J. Alcal{\'a}-Fdez and J. Casillas and O. Cord{\'o}n and F. Herrera},
	title={Hybrid learning models to get the interpretability-accuracy trade-off in Fuzzy Modelling},
	journal={Soft Computing},
	year={2006},
	volume={10},
	number={9},
	pages={717-734}
}

@article{Alc12,
	author={M.J. Gacto and R. Alcal{\'a} and F. Herrera},
	title={A Multi-Objective Evolutionary Algorithm for an Effective Tuning of Fuzzy Logic Controllers in Heating, Ventilating and Air Conditioning Systems},
	journal={Applied Intelligence},
	year={2012},
	volume={36},
	number={2},
	pages={330-347}
}

@article{COCS05,
	author={J.A. Cabrera and A. Ortiz and J.J. Castillo and A. Simon A},
	title={A fuzzy logic control for antilock braking system integrated in the IMMa tire test bench},
	journal={IEEE Transactions on Vehicular Technology},
	year={2005},
	volume={54},
	number={6},
	pages={1937-1949}
}

@article{COCS05,
	author={J.A. Cabrera and A. Ortiz and J.J. Castillo and A. Simon A},
	title={A fuzzy logic control for antilock braking system integrated in the IMMa tire test bench},
	journal={IEEE Transactions on Vehicular Technology},
	year={2005},
	volume={54},
	number={6},
	pages={1937-1949}
}

@ARTICLE{Demir12,
        author={O. Demir and I. Keskin and S. Cetin},
	title={Modeling and control of a nonlinear half-vehicle suspension system: A hybrid fuzzy logic approach},
	journal={Nonlinear Dynamics},
	year={2012},
	volume={67},
	number={3},
	pages={2139-2151}
}


@article{Cha12,
	author={F. Ch{\'a}vez and F. Fern{\'a}ndez and R. Alcal{\'a} and J. Alcal{\'a}-Fdez and G. Olague and F. Herrera},
	title={Hybrid Laser Pointer Detection Algorithm Based on Template Matching and Fuzzy Rule-Based Systems for Domotic Control in Real Home Enviroments},
	journal={Applied Intelligence},
	year={2012},
	volume={36},
	number={2},
	pages={407--423}
}

@article{Cho11,
	author={E. Cho and M. Ha and S. Chang and Y. Hwang},
	title={Variable fuzzy control for heat pump operation},
	journal={Journal of Mechanical Science and Technology},
	year={2011},
	volume={25},
	number={1},
	pages={201--208}
}

@article{ZG2012,
	author={Y. Zhao and H. Gao},
	journal={IEEE Transactions on Fuzzy Systems},
	title={Fuzzy-Model-Based Control of an Overhead Crane With Input Delay and Actuator Saturation},
	year={2012},
	volume={20},
	number={1},
	pages={181 -186}
}


@article{Lee90,
	author = {C.C. Lee},
	title = {Fuzzy logic in control systems: Fuzzy logic controller Parts I and II},
	journal = {IEEE Transactions on Systems, Man, and Cybernetics},
	volume = {20},
	pages = {404-435},
	year = {1990} 
}


@article{MAA10,
	author = {M. Mucientes and J. Alcal\'a-Fdez and R. Alcal\'a and J. Casillas},
	title = {A case study for learning behaviors in mobile robotics by evolutionary fuzzy systems},
	journal = {Expert Systems With Applications},
	volume = {37},
	number = 2,
	pages = {1471-1493},
	year = {2010} 
}

@ARTICLE{JCh2011,
        author={Ch.-F. Juang and Y.-Ch. Chang},
	journal={IEEE Transactions on Fuzzy Systems},
	title={Evolutionary-Group-Based Particle-Swarm-Optimized Fuzzy Controller With Application to Mobile-Robot Navigation in Unknown Environments},
	year={2011},
	volume={19},
	number={2},
	pages={379-392}
}


@article{Sonnenburg07,
	author = "S. Sonnenburg and M.L. Braun and Ch.S. Ong and S. Bengio and L. Bottou and G. Holmes and Y. LeCun and K.-R. Muller and F. Pereira and C.E. Rasmussen and G. Ratsch and B. Scholkopf and A. Smola and P. Vincent and J. Weston and R. Williamson",
	title = "The Need for Open Source Software in Machine Learning",
	journal = "Journal of Machine Learning Research",
	volume = 8,
	year = 2007,
	issn = "1533-7928",
	pages = "2443--2466",
	publisher = "MIT Press",
	address = "Cambridge, MA, USA"
}

@article{Zadeh65,
	author = {{L.A.} Zadeh},
	title = {Fuzzy Sets},
	journal = {Information Control},
	volume = {8},
	pages = {338--353},
	year = {1965} 
}

@BOOK{YF94,
    author =  {RR Yager and DP Filev},
    title =  {Essentials of fuzzy modeling and control},
    publisher =  {Wiley, New York},
    year =  {1994}   
}

@BOOK{PDH97,
    author =  {R Palm and D Driankov and H Hellendoorn},
    title =  {Model based fuzzy control},
    publisher =  {Springer, Berlin},
    year =  {1997}   
}

@BOOK{DHR93,
    author =  {D. Driankov, H. Hellendoorn and M. Reinfrank},
    title =  {An Introduction to Fuzzy Control},
    publisher =  {Springer-Verlag},
    year =  {1993}   
}

@BOOK{IEC,
    title     =  {International Electrotechnical Commission technical committee industrial process measurement and control. IEC 61131 - Programmable Controllers},
    publisher =  {IEC},
    year      =  {2000}   
}

@book{parr2007definitive,
  title={The definitive ANTLR reference: building domain-specific languages},
  author={Parr, T.},
  year={2007}
}


@INCOLLECTION{Bon94,
	author = "P.P. Bonissone",
	title = "Fuzzy logic controllers: An industrial reality",
	booktitle = "Computational Intelligence: Imitating Life",
	pages = "316-327",
	year = {1994},
	publisher = "IEEE Press"
}

@INCOLLECTION{Kamen1999,
	author = "E.W. Kamen",
	title = "Ladder Logic Diagrams and PLC Implementations",
	booktitle = "Industrial Controls and Manufacturing",
	pages = "141-164",
	year = {1999},
	publisher = "Academic Press"
}

@article{behrens2008xtext,
  title={Xtext User Guide},
  author={Behrens, H. and Clay, M. and Efftinge, S. and Eysholdt, M. and Friese, P.},
  journal={Dostupn{\'e} z WWW: http://www. eclipse. org/Xtext/documentation/1\_0\_1/xtext. html},
  year={2008}
}

@article{cloc,
  title={CLOC - Count Lines of Code},
  author={Al Danial},
  journal={WWW: http://cloc.sourceforge.net},
  year={2006-2011}
}

@article{mucientes2009learning,
  title={Learning weighted linguistic rules to control an autonomous robot},
  author={Mucientes, M. and Alcal{\'a}, R. and Alcal{\'a}-Fdez, J. and Casillas, J.},
  journal={International Journal of Intelligent Systems},
  volume={24},
  number={3},
  pages={226--251},
  year={2009},
  publisher={Wiley Online Library}
}

@InProceedings{Alcala02_iberamia,
  author =   {R. Alcal\'a and J. Casillas and O. Cord\'on and F. Herrera},
  title =    {Improving Simple Linguistic Fuzzy Models by Means of the Weighted {COR} Methodology},
  booktitle =    {8th Ibero-American Conference on Artificial Intelligence (IBERAMIA 2002), Advances in Artificial Intelligence - IBERAMIA 2002},
  pages =    {294-302},
  year =     {2002},
  number =   {2527},
  series =   {Lecture Notes in Artificial Intelligence},
  address =  {Sevilla (Spain)},
  publisher =    {Springer-Verlag}
}
